<record><leader>00000cas a22000007a 4500</leader><controlfield tag="001">29875307</controlfield><controlfield tag="008">940225d19181930vauuu ne      0    0eng d</controlfield><datafield ind1=" " ind2=" " tag="010"><subfield code="a">sn 94057526 </subfield></datafield><datafield ind1=" " ind2=" " tag="040"><subfield code="a">NYS</subfield><subfield code="b">eng</subfield><subfield code="c">NYS</subfield><subfield code="d">NVK</subfield><subfield code="d">OCLCQ</subfield><subfield code="d">OCLCF</subfield><subfield code="d">OCLCO</subfield></datafield><datafield ind1="1" ind2=" " tag="029"><subfield code="a">AU@</subfield><subfield code="b">000010929161</subfield></datafield><datafield ind1=" " ind2=" " tag="042"><subfield code="a">msc</subfield></datafield><datafield ind1=" " ind2=" " tag="043"><subfield code="a">n-us-va</subfield></datafield><datafield ind1="0" ind2="4" tag="245"><subfield code="a">The Virginia union farmer.</subfield></datafield><datafield ind1=" " ind2=" " tag="260"><subfield code="a">Dillwyn, Va. :</subfield><subfield code="b">[s.n.]</subfield></datafield><datafield ind1=" " ind2=" " tag="300"><subfield code="a">v.</subfield></datafield><datafield ind1="1" ind2=" " tag="362"><subfield code="a">Began in 1918.</subfield></datafield><datafield ind1="1" ind2=" " tag="362"><subfield code="a">Ceased in 1930.</subfield><subfield code="z">Cf. Gregory, W. Amer. Newspapers.</subfield></datafield><datafield ind1=" " ind2=" " tag="580"><subfield code="a">Merged with: Farmville leader to form: Farmer-leader. Cf. Gregory, W. Amer. newspapers.</subfield></datafield><datafield ind1=" " ind2=" " tag="588"><subfield code="a">Description based on: Vol. 12, no. 7 (Oct. 25, 1918).</subfield></datafield><datafield ind1=" " ind2="0" tag="651"><subfield code="a">Dillwyn (Va.)</subfield><subfield code="v">Newspapers.</subfield></datafield><datafield ind1=" " ind2="7" tag="655"><subfield code="a">Newspapers.</subfield><subfield code="2">fast</subfield><subfield code="0">(OCoLC)fst01423814</subfield></datafield><datafield ind1=" " ind2="7" tag="651"><subfield code="a">Virginia</subfield><subfield code="z">Dillwyn.</subfield><subfield code="2">fast</subfield><subfield code="0">(OCoLC)fst01306151</subfield></datafield><datafield ind1=" " ind2=" " tag="752"><subfield code="a">United States</subfield><subfield code="b">Virginia</subfield><subfield code="c">Buckingham</subfield><subfield code="d">Dillwyn.</subfield></datafield><datafield ind1="0" ind2="0" tag="780"><subfield code="t">James River clarion</subfield><subfield code="w">(DLC)sn 94060199</subfield></datafield><datafield ind1="1" ind2="7" tag="785"><subfield code="t">Farmville leader</subfield><subfield code="w">(DLC)sn 95079114</subfield></datafield><datafield ind1="1" ind2="7" tag="785"><subfield code="t">Farmer-leader</subfield></datafield></record>